@String(PAMI = {IEEE Trans. Pattern Anal. Mach. Intell.})
@String(IJCV = {Int. J. Comput. Vis.})
@String(CVPR= {IEEE Conf. Comput. Vis. Pattern Recog.})
@String(ICCV= {Int. Conf. Comput. Vis.})
@String(ECCV= {Eur. Conf. Comput. Vis.})
@String(NIPS= {Adv. Neural Inform. Process. Syst.})
@String(ICPR = {Int. Conf. Pattern Recog.})
@String(BMVC= {Brit. Mach. Vis. Conf.})
@String(TOG= {ACM Trans. Graph.})
@String(TIP  = {IEEE Trans. Image Process.})
@String(TVCG  = {IEEE Trans. Vis. Comput. Graph.})
@String(TMM  = {IEEE Trans. Multimedia})
@String(ACMMM= {ACM Int. Conf. Multimedia})
@String(ICME = {Int. Conf. Multimedia and Expo})
@String(ICASSP=	{ICASSP})
@String(ICIP = {IEEE Int. Conf. Image Process.})
@String(ACCV  = {ACCV})
@String(ICLR = {Int. Conf. Learn. Represent.})
@String(IJCAI = {IJCAI})
@String(PR   = {Pattern Recognition})
@String(AAAI = {AAAI})
@String(CVPRW= {IEEE Conf. Comput. Vis. Pattern Recog. Worksh.})
@String(CSVT = {IEEE Trans. Circuit Syst. Video Technol.})

@String(SPL	= {IEEE Sign. Process. Letters})
@String(VR   = {Vis. Res.})
@String(JOV	 = {J. Vis.})
@String(TVC  = {The Vis. Comput.})
@String(JCST  = {J. Comput. Sci. Tech.})
@String(CGF  = {Comput. Graph. Forum})
@String(CVM = {Computational Visual Media})


@String(PAMI  = {IEEE TPAMI})
@String(IJCV  = {IJCV})
@String(CVPR  = {CVPR})
@String(ICCV  = {ICCV})
@String(ECCV  = {ECCV})
@String(NIPS  = {NeurIPS})
@String(ICPR  = {ICPR})
@String(BMVC  =	{BMVC})
@String(TOG   = {ACM TOG})
@String(TIP   = {IEEE TIP})
@String(TVCG  = {IEEE TVCG})
@String(TCSVT = {IEEE TCSVT})
@String(TMM   =	{IEEE TMM})
@String(ACMMM = {ACM MM})
@String(ICME  =	{ICME})
@String(ICASSP=	{ICASSP})
@String(ICIP  = {ICIP})
@String(ACCV  = {ACCV})
@String(ICLR  = {ICLR})
@String(IJCAI = {IJCAI})
@String(PR = {PR})
@String(AAAI = {AAAI})
@String(CVPRW= {CVPRW})
@String(CSVT = {IEEE TCSVT})



@misc{Authors14,
  author = {FirstName LastName},
  title  = {The frobnicatable foo filter},
  note   = {Face and Gesture submission ID 324. Supplied as supplemental material {\tt fg324.pdf}},
  year   = 2014
}

@misc{Authors14b,
  author = {FirstName LastName},
  title  = {Frobnication tutorial},
  note   = {Supplied as supplemental material {\tt tr.pdf}},
  year   = 2014
}

@article{Alpher02,
  author  = {FirstName Alpher},
  title   = {Frobnication},
  journal = PAMI,
  volume  = 12,
  number  = 1,
  pages   = {234--778},
  year    = 2002
}

@article{Alpher03,
  author  = {FirstName Alpher and  FirstName Fotheringham-Smythe},
  title   = {Frobnication revisited},
  journal = {Journal of Foo},
  volume  = 13,
  number  = 1,
  pages   = {234--778},
  year    = 2003
}

@article{Alpher04,
  author  = {FirstName Alpher and FirstName Fotheringham-Smythe and FirstName Gamow},
  title   = {Can a machine frobnicate?},
  journal = {Journal of Foo},
  volume  = 14,
  number  = 1,
  pages   = {234--778},
  year    = 2004
}

@inproceedings{Alpher05,
  author    = {FirstName Alpher and FirstName Gamow},
  title     = {Can a computer frobnicate?},
  booktitle = CVPR,
  pages     = {234--778},
  year      = 2005
}

@misc{siddiqui2023meshgpt,
  title         = {MeshGPT: Generating Triangle Meshes with Decoder-Only Transformers},
  author        = {Yawar Siddiqui and Antonio Alliegro and Alexey Artemov and Tatiana Tommasi and Daniele Sirigatti and Vladislav Rosov and Angela Dai and Matthias Nießner},
  year          = {2023},
  eprint        = {2311.15475},
  archiveprefix = {arXiv},
  primaryclass  = {cs.CV}
}

@misc{erkoç2023hyperdiffusion,
  title         = {HyperDiffusion: Generating Implicit Neural Fields with Weight-Space Diffusion},
  author        = {Ziya Erkoç and Fangchang Ma and Qi Shan and Matthias Nießner and Angela Dai},
  year          = {2023},
  eprint        = {2303.17015},
  archiveprefix = {arXiv},
  primaryclass  = {cs.CV}
}

@misc{papa2023train,
  title         = {How to Train Neural Field Representations: A Comprehensive Study and Benchmark},
  author        = {Samuele Papa and Riccardo Valperga and David Knigge and Miltiadis Kofinas and Phillip Lippe and Jan-Jakob Sonke and Efstratios Gavves},
  year          = {2023},
  eprint        = {2312.10531},
  archiveprefix = {arXiv},
  primaryclass  = {cs.CV}
}
@misc{lim2023graph,
  title         = {Graph Metanetworks for Processing Diverse Neural Architectures},
  author        = {Derek Lim and Haggai Maron and Marc T. Law and Jonathan Lorraine and James Lucas},
  year          = {2023},
  eprint        = {2312.04501},
  archiveprefix = {arXiv},
  primaryclass  = {cs.LG}
}

@misc{navon2023equivariant,
  title         = {Equivariant Architectures for Learning in Deep Weight Spaces},
  author        = {Aviv Navon and Aviv Shamsian and Idan Achituve and Ethan Fetaya and Gal Chechik and Haggai Maron},
  year          = {2023},
  eprint        = {2301.12780},
  archiveprefix = {arXiv},
  primaryclass  = {cs.LG}
}

@misc{navon2024equivariant,
  title         = {Equivariant Deep Weight Space Alignment},
  author        = {Aviv Navon and Aviv Shamsian and Ethan Fetaya and Gal Chechik and Nadav Dym and Haggai Maron},
  year          = {2024},
  eprint        = {2310.13397},
  archiveprefix = {arXiv},
  primaryclass  = {cs.LG}
}

@misc{andreis2023setbased,
  title         = {Set-based Neural Network Encoding},
  author        = {Bruno Andreis and Soro Bedionita and Sung Ju Hwang},
  year          = {2023},
  eprint        = {2305.16625},
  archiveprefix = {arXiv},
  primaryclass  = {cs.LG}
}

@misc{diao2023relational,
  title         = {Relational Attention: Generalizing Transformers for Graph-Structured Tasks},
  author        = {Cameron Diao and Ricky Loynd},
  year          = {2023},
  eprint        = {2210.05062},
  archiveprefix = {arXiv},
  primaryclass  = {cs.LG}
}

@article{born2023regression,
  title     = {Regression Transformer enables concurrent sequence regression and generation for molecular language modelling},
  author    = {Born, Jannis and Manica, Matteo},
  journal   = {Nature Machine Intelligence},
  volume    = {5},
  number    = {4},
  pages     = {432--444},
  year      = {2023},
  publisher = {Nature Publishing Group UK London}
}

@inproceedings{mao2022poseur,
  title        = {Poseur: Direct human pose regression with transformers},
  author       = {Mao, Weian and Ge, Yongtao and Shen, Chunhua and Tian, Zhi and Wang, Xinlong and Wang, Zhibin and den Hengel, Anton van},
  booktitle    = {European conference on computer vision},
  pages        = {72--88},
  year         = {2022},
  organization = {Springer}
}